<record><leader>00000cas a2200000 i 4500</leader><controlfield tag="001">3520327</controlfield><controlfield tag="007">hd afu---baca</controlfield><controlfield tag="008">771228d19741976azumr nea     0    0eng c</controlfield><datafield ind1=" " ind2=" " tag="010"><subfield code="a">  2017225051</subfield></datafield><datafield ind1=" " ind2=" " tag="040"><subfield code="a">KSU</subfield><subfield code="b">eng</subfield><subfield code="e">rda</subfield><subfield code="c">KSU</subfield><subfield code="d">MUL</subfield><subfield code="d">OCL</subfield><subfield code="d">OCLCQ</subfield><subfield code="d">AAA</subfield><subfield code="d">OSU</subfield><subfield code="d">NTE</subfield><subfield code="d">OCLCF</subfield><subfield code="d">OCLCO</subfield><subfield code="d">CRL</subfield><subfield code="d">OCLCQ</subfield><subfield code="d">CRL</subfield><subfield code="d">OCL</subfield></datafield><datafield ind1=" " ind2=" " tag="042"><subfield code="a">pcc</subfield></datafield><datafield ind1=" " ind2=" " tag="043"><subfield code="a">n-us-az</subfield></datafield><datafield ind1="1" ind2="4" tag="050"><subfield code="a">PN4888.U5</subfield><subfield code="b">.U544</subfield></datafield><datafield ind1="0" ind2="0" tag="245"><subfield code="a">Mountain news real</subfield></datafield><datafield ind1="1" ind2="3" tag="246"><subfield code="a">Mountain newsreal</subfield><subfield code="f">&lt;Feb. 1976-&gt;</subfield></datafield><datafield ind1="1" ind2="3" tag="246"><subfield code="a">MNR</subfield></datafield><datafield ind1=" " ind2=" " tag="260"><subfield code="a">Tucson, Arizona :</subfield><subfield code="b">Mountain News Real,</subfield><subfield code="c">[1974]-1976.</subfield></datafield><datafield ind1=" " ind2=" " tag="300"><subfield code="a">volumes :</subfield><subfield code="b">illustrations</subfield></datafield><datafield ind1=" " ind2=" " tag="310"><subfield code="a">Monthly,</subfield><subfield code="b">&lt;Feb. 1976&gt;-Dec. 1976</subfield></datafield><datafield ind1=" " ind2=" " tag="336"><subfield code="a">text</subfield><subfield code="b">txt</subfield><subfield code="2">rdacontent</subfield></datafield><datafield ind1=" " ind2=" " tag="337"><subfield code="a">microform</subfield><subfield code="b">h</subfield><subfield code="2">rdamedia</subfield></datafield><datafield ind1=" " ind2=" " tag="338"><subfield code="a">microfilm reel</subfield><subfield code="b">hd</subfield><subfield code="2">rdacarrier</subfield></datafield><datafield ind1="1" ind2=" " tag="362"><subfield code="a">Began with number 1 in May[?] 1974; ceased with vol. 4, no. 4 (December 1976).</subfield></datafield><datafield ind1=" " ind2=" " tag="588"><subfield code="a">Description based on: Reproduction of original print version of number 1 ([May? 1974]); title from cover.</subfield></datafield><datafield ind1=" " ind2=" " tag="588"><subfield code="a">Latest issue consulted: Reproduction of original print version of vol. 4, no. 4 (December 1976).</subfield></datafield><datafield ind1=" " ind2=" " tag="533"><subfield code="a">Microfilm.</subfield><subfield code="b">Wooster, Ohio :</subfield><subfield code="c">Bell &amp; Howell Co.</subfield><subfield code="e">2 microfilm reels ; 9 cm, 35 mm.</subfield><subfield code="f">(Underground newspaper collection).</subfield><subfield code="n">Filmed with other titles.</subfield></datafield><datafield ind1="1" ind2=" " tag="505"><subfield code="a">Roll 271, item 13: no. 1 (Undated Issue [May? 1974]) -- roll 214, item 1: v. 3, no. 74-76 (Feb.-Apr. 1976); v. 4, no. 1-4 (Sept.-Dec. 1976).</subfield></datafield><datafield ind1=" " ind2="0" tag="651"><subfield code="a">Tucson (Ariz.)</subfield><subfield code="v">Newspapers.</subfield></datafield><datafield ind1=" " ind2="0" tag="650"><subfield code="a">Underground press publications</subfield><subfield code="z">Arizona</subfield><subfield code="z">Tucson.</subfield></datafield><datafield ind1=" " ind2="7" tag="650"><subfield code="a">Underground press publications.</subfield><subfield code="2">fast</subfield><subfield code="0">(OCoLC)fst01160984</subfield></datafield><datafield ind1=" " ind2="7" tag="651"><subfield code="a">Arizona</subfield><subfield code="z">Tucson.</subfield><subfield code="2">fast</subfield><subfield code="0">(OCoLC)fst01205454</subfield></datafield><datafield ind1=" " ind2="7" tag="655"><subfield code="a">Newspapers.</subfield><subfield code="2">fast</subfield><subfield code="0">(OCoLC)fst01423814</subfield></datafield><datafield ind1=" " ind2=" " tag="752"><subfield code="a">United States</subfield><subfield code="b">Arizona</subfield><subfield code="d">Tucson.</subfield></datafield><datafield ind1="0" ind2="8" tag="776"><subfield code="i">Print version:</subfield><subfield code="t">Mountain newsreal</subfield><subfield code="w">(OCoLC)7237673</subfield></datafield><datafield ind1="0" ind2="0" tag="785"><subfield code="t">Tucson's mountain newsreal</subfield><subfield code="w">(DLC)sn 95060720</subfield><subfield code="w">(OCoLC)5316492</subfield></datafield><datafield ind1=" " ind2="0" tag="830"><subfield code="a">Underground newspaper collection.</subfield></datafield><datafield ind1="1" ind2=" " tag="029"><subfield code="a">AU@</subfield><subfield code="b">000011892607</subfield></datafield></record>